%YAML 1.1
%TAG !u! tag:unity3d.com,2011:
--- !u!29 &1
OcclusionCullingSettings:
  m_ObjectHideFlags: 0
  serializedVersion: 2
  m_OcclusionBakeSettings:
    smallestOccluder: 5
    smallestHole: 0.25
    backfaceThreshold: 100
  m_SceneGUID: 00000000000000000000000000000000
  m_OcclusionCullingData: {fileID: 0}
--- !u!104 &2
RenderSettings:
  m_ObjectHideFlags: 0
  serializedVersion: 9
  m_Fog: 0
  m_FogColor: {r: 0.5, g: 0.5, b: 0.5, a: 1}
  m_FogMode: 3
  m_FogDensity: 0.01
  m_LinearFogStart: 0
  m_LinearFogEnd: 300
  m_AmbientSkyColor: {r: 0.212, g: 0.227, b: 0.259, a: 1}
  m_AmbientEquatorColor: {r: 0.114, g: 0.125, b: 0.133, a: 1}
  m_AmbientGroundColor: {r: 0.047, g: 0.043, b: 0.035, a: 1}
  m_AmbientIntensity: 1
  m_AmbientMode: 3
  m_SubtractiveShadowColor: {r: 0.42, g: 0.478, b: 0.627, a: 1}
  m_SkyboxMaterial: {fileID: 0}
  m_HaloStrength: 0.5
  m_FlareStrength: 1
  m_FlareFadeSpeed: 3
  m_HaloTexture: {fileID: 0}
  m_SpotCookie: {fileID: 10001, guid: 0000000000000000e000000000000000, type: 0}
  m_DefaultReflectionMode: 0
  m_DefaultReflectionResolution: 128
  m_ReflectionBounces: 1
  m_ReflectionIntensity: 1
  m_CustomReflection: {fileID: 0}
  m_Sun: {fileID: 0}
  m_IndirectSpecularColor: {r: 0, g: 0, b: 0, a: 1}
  m_UseRadianceAmbientProbe: 0
--- !u!157 &3
LightmapSettings:
  m_ObjectHideFlags: 0
  serializedVersion: 12
  m_GIWorkflowMode: 1
  m_GISettings:
    serializedVersion: 2
    m_BounceScale: 1
    m_IndirectOutputScale: 1
    m_AlbedoBoost: 1
    m_EnvironmentLightingMode: 0
    m_EnableBakedLightmaps: 0
    m_EnableRealtimeLightmaps: 0
  m_LightmapEditorSettings:
    serializedVersion: 12
    m_Resolution: 2
    m_BakeResolution: 40
    m_AtlasSize: 1024
    m_AO: 0
    m_AOMaxDistance: 1
    m_CompAOExponent: 1
    m_CompAOExponentDirect: 0
    m_ExtractAmbientOcclusion: 0
    m_Padding: 2
    m_LightmapParameters: {fileID: 0}
    m_LightmapsBakeMode: 1
    m_TextureCompression: 1
    m_FinalGather: 0
    m_FinalGatherFiltering: 1
    m_FinalGatherRayCount: 256
    m_ReflectionCompression: 2
    m_MixedBakeMode: 2
    m_BakeBackend: 0
    m_PVRSampling: 1
    m_PVRDirectSampleCount: 32
    m_PVRSampleCount: 500
    m_PVRBounces: 2
    m_PVREnvironmentSampleCount: 500
    m_PVREnvironmentReferencePointCount: 2048
    m_PVRFilteringMode: 2
    m_PVRDenoiserTypeDirect: 0
    m_PVRDenoiserTypeIndirect: 0
    m_PVRDenoiserTypeAO: 0
    m_PVRFilterTypeDirect: 0
    m_PVRFilterTypeIndirect: 0
    m_PVRFilterTypeAO: 0
    m_PVREnvironmentMIS: 0
    m_PVRCulling: 1
    m_PVRFilteringGaussRadiusDirect: 1
    m_PVRFilteringGaussRadiusIndirect: 5
    m_PVRFilteringGaussRadiusAO: 2
    m_PVRFilteringAtrousPositionSigmaDirect: 0.5
    m_PVRFilteringAtrousPositionSigmaIndirect: 2
    m_PVRFilteringAtrousPositionSigmaAO: 1
    m_ExportTrainingData: 0
    m_TrainingDataDestination: TrainingData
    m_LightProbeSampleCountMultiplier: 4
  m_LightingDataAsset: {fileID: 0}
  m_LightingSettings: {fileID: 0}
--- !u!196 &4
NavMeshSettings:
  serializedVersion: 2
  m_ObjectHideFlags: 0
  m_BuildSettings:
    serializedVersion: 2
    agentTypeID: 0
    agentRadius: 0.5
    agentHeight: 2
    agentSlope: 45
    agentClimb: 0.4
    ledgeDropHeight: 0
    maxJumpAcrossDistance: 0
    minRegionArea: 2
    manualCellSize: 0
    cellSize: 0.16666667
    manualTileSize: 0
    tileSize: 256
    accuratePlacement: 0
    maxJobWorkers: 0
    preserveTilesOutsideBounds: 0
    debug:
      m_Flags: 0
  m_NavMeshData: {fileID: 0}
--- !u!4 &580820424 stripped
Transform:
  m_CorrespondingSourceObject: {fileID: 4349880294781053683, guid: 2c190f9aa08a7064d9dc19d0d79faa45, type: 3}
  m_PrefabInstance: {fileID: 4349880295344568123}
  m_PrefabAsset: {fileID: 0}
--- !u!1001 &585244597
PrefabInstance:
  m_ObjectHideFlags: 0
  serializedVersion: 2
  m_Modification:
    m_TransformParent: {fileID: 1305310204}
    m_Modifications:
    - target: {fileID: 4863506513234807853, guid: e3f45c0f7ee780b4ea792ca28e876387, type: 3}
      propertyPath: m_RootOrder
      value: 3
      objectReference: {fileID: 0}
    - target: {fileID: 4863506513234807853, guid: e3f45c0f7ee780b4ea792ca28e876387, type: 3}
      propertyPath: m_LocalPosition.x
      value: 20.2
      objectReference: {fileID: 0}
    - target: {fileID: 4863506513234807853, guid: e3f45c0f7ee780b4ea792ca28e876387, type: 3}
      propertyPath: m_LocalPosition.y
      value: 53.4
      objectReference: {fileID: 0}
    - target: {fileID: 4863506513234807853, guid: e3f45c0f7ee780b4ea792ca28e876387, type: 3}
      propertyPath: m_LocalPosition.z
      value: -0.8148082
      objectReference: {fileID: 0}
    - target: {fileID: 4863506513234807853, guid: e3f45c0f7ee780b4ea792ca28e876387, type: 3}
      propertyPath: m_LocalRotation.w
      value: 1
      objectReference: {fileID: 0}
    - target: {fileID: 4863506513234807853, guid: e3f45c0f7ee780b4ea792ca28e876387, type: 3}
      propertyPath: m_LocalRotation.x
      value: -0
      objectReference: {fileID: 0}
    - target: {fileID: 4863506513234807853, guid: e3f45c0f7ee780b4ea792ca28e876387, type: 3}
      propertyPath: m_LocalRotation.y
      value: -0
      objectReference: {fileID: 0}
    - target: {fileID: 4863506513234807853, guid: e3f45c0f7ee780b4ea792ca28e876387, type: 3}
      propertyPath: m_LocalRotation.z
      value: -0
      objectReference: {fileID: 0}
    - target: {fileID: 4863506513234807853, guid: e3f45c0f7ee780b4ea792ca28e876387, type: 3}
      propertyPath: m_LocalEulerAnglesHint.x
      value: 0
      objectReference: {fileID: 0}
    - target: {fileID: 4863506513234807853, guid: e3f45c0f7ee780b4ea792ca28e876387, type: 3}
      propertyPath: m_LocalEulerAnglesHint.y
      value: 0
      objectReference: {fileID: 0}
    - target: {fileID: 4863506513234807853, guid: e3f45c0f7ee780b4ea792ca28e876387, type: 3}
      propertyPath: m_LocalEulerAnglesHint.z
      value: 0
      objectReference: {fileID: 0}
    - target: {fileID: 5392215650415784975, guid: e3f45c0f7ee780b4ea792ca28e876387, type: 3}
      propertyPath: m_Name
      value: HomeVolume (1)
      objectReference: {fileID: 0}
    m_RemovedComponents: []
  m_SourcePrefab: {fileID: 100100000, guid: e3f45c0f7ee780b4ea792ca28e876387, type: 3}
--- !u!4 &660420316 stripped
Transform:
  m_CorrespondingSourceObject: {fileID: 4863506513234807853, guid: e3f45c0f7ee780b4ea792ca28e876387, type: 3}
  m_PrefabInstance: {fileID: 585244597}
  m_PrefabAsset: {fileID: 0}
--- !u!4 &811205180 stripped
Transform:
  m_CorrespondingSourceObject: {fileID: 3401505989243378397, guid: b8788b4399178d74a9306af27bccab2b, type: 3}
  m_PrefabInstance: {fileID: 3401505989515352289}
  m_PrefabAsset: {fileID: 0}
--- !u!1001 &915782519
PrefabInstance:
  m_ObjectHideFlags: 0
  serializedVersion: 2
  m_Modification:
    m_TransformParent: {fileID: 0}
    m_Modifications:
    - target: {fileID: 185972935403632826, guid: 026e77ce518f7469d9eb17ac40bf23bc, type: 3}
      propertyPath: m_RootOrder
      value: 3
      objectReference: {fileID: 0}
    - target: {fileID: 185972935403632826, guid: 026e77ce518f7469d9eb17ac40bf23bc, type: 3}
      propertyPath: m_LocalPosition.x
      value: 125.18
      objectReference: {fileID: 0}
    - target: {fileID: 185972935403632826, guid: 026e77ce518f7469d9eb17ac40bf23bc, type: 3}
      propertyPath: m_LocalPosition.y
      value: 52.5
      objectReference: {fileID: 0}
    - target: {fileID: 185972935403632826, guid: 026e77ce518f7469d9eb17ac40bf23bc, type: 3}
      propertyPath: m_LocalPosition.z
      value: 0
      objectReference: {fileID: 0}
    - target: {fileID: 185972935403632826, guid: 026e77ce518f7469d9eb17ac40bf23bc, type: 3}
      propertyPath: m_LocalRotation.w
      value: 1
      objectReference: {fileID: 0}
    - target: {fileID: 185972935403632826, guid: 026e77ce518f7469d9eb17ac40bf23bc, type: 3}
      propertyPath: m_LocalRotation.x
      value: 0
      objectReference: {fileID: 0}
    - target: {fileID: 185972935403632826, guid: 026e77ce518f7469d9eb17ac40bf23bc, type: 3}
      propertyPath: m_LocalRotation.y
      value: 0
      objectReference: {fileID: 0}
    - target: {fileID: 185972935403632826, guid: 026e77ce518f7469d9eb17ac40bf23bc, type: 3}
      propertyPath: m_LocalRotation.z
      value: 0
      objectReference: {fileID: 0}
    - target: {fileID: 185972935403632826, guid: 026e77ce518f7469d9eb17ac40bf23bc, type: 3}
      propertyPath: m_LocalEulerAnglesHint.x
      value: 0
      objectReference: {fileID: 0}
    - target: {fileID: 185972935403632826, guid: 026e77ce518f7469d9eb17ac40bf23bc, type: 3}
      propertyPath: m_LocalEulerAnglesHint.y
      value: 0
      objectReference: {fileID: 0}
    - target: {fileID: 185972935403632826, guid: 026e77ce518f7469d9eb17ac40bf23bc, type: 3}
      propertyPath: m_LocalEulerAnglesHint.z
      value: 0
      objectReference: {fileID: 0}
    - target: {fileID: 367899075245754278, guid: 026e77ce518f7469d9eb17ac40bf23bc, type: 3}
      propertyPath: m_Name
      value: Item
      objectReference: {fileID: 0}
    m_RemovedComponents: []
  m_SourcePrefab: {fileID: 100100000, guid: 026e77ce518f7469d9eb17ac40bf23bc, type: 3}
--- !u!1 &1012299816
GameObject:
  m_ObjectHideFlags: 0
  m_CorrespondingSourceObject: {fileID: 0}
  m_PrefabInstance: {fileID: 0}
  m_PrefabAsset: {fileID: 0}
  serializedVersion: 6
  m_Component:
  - component: {fileID: 1012299817}
  m_Layer: 0
  m_Name: Level
  m_TagString: Untagged
  m_Icon: {fileID: 0}
  m_NavMeshLayer: 0
  m_StaticEditorFlags: 0
  m_IsActive: 1
--- !u!4 &1012299817
Transform:
  m_ObjectHideFlags: 0
  m_CorrespondingSourceObject: {fileID: 0}
  m_PrefabInstance: {fileID: 0}
  m_PrefabAsset: {fileID: 0}
  m_GameObject: {fileID: 1012299816}
  m_LocalRotation: {x: 0, y: 0, z: 0, w: 1}
  m_LocalPosition: {x: 0, y: 0, z: 0}
  m_LocalScale: {x: 1, y: 1, z: 1}
  m_Children: []
  m_Father: {fileID: 0}
  m_RootOrder: 7
  m_LocalEulerAnglesHint: {x: 0, y: 0, z: 0}
--- !u!1 &1035643670
GameObject:
  m_ObjectHideFlags: 0
  m_CorrespondingSourceObject: {fileID: 0}
  m_PrefabInstance: {fileID: 0}
  m_PrefabAsset: {fileID: 0}
  serializedVersion: 6
  m_Component:
  - component: {fileID: 1035643671}
  m_Layer: 0
  m_Name: SpawnPoint
  m_TagString: Untagged
  m_Icon: {fileID: 0}
  m_NavMeshLayer: 0
  m_StaticEditorFlags: 0
  m_IsActive: 1
--- !u!4 &1035643671
Transform:
  m_ObjectHideFlags: 0
  m_CorrespondingSourceObject: {fileID: 0}
  m_PrefabInstance: {fileID: 0}
  m_PrefabAsset: {fileID: 0}
  m_GameObject: {fileID: 1035643670}
  m_LocalRotation: {x: 0, y: 0, z: 0, w: 1}
  m_LocalPosition: {x: -8.1, y: -4.87, z: -0.5248182}
  m_LocalScale: {x: 1, y: 1, z: 1}
  m_Children: []
  m_Father: {fileID: 0}
  m_RootOrder: 6
  m_LocalEulerAnglesHint: {x: 0, y: 0, z: 0}
--- !u!4 &1208953988 stripped
Transform:
  m_CorrespondingSourceObject: {fileID: 7572431691450020395, guid: c21f3eb5dd9285e429bf3d15c1be4e50, type: 3}
  m_PrefabInstance: {fileID: 1383052039}
  m_PrefabAsset: {fileID: 0}
--- !u!1 &1214704679
GameObject:
  m_ObjectHideFlags: 0
  m_CorrespondingSourceObject: {fileID: 0}
  m_PrefabInstance: {fileID: 0}
  m_PrefabAsset: {fileID: 0}
  serializedVersion: 6
  m_Component:
  - component: {fileID: 1214704683}
  - component: {fileID: 1214704682}
  - component: {fileID: 1214704681}
  - component: {fileID: 1214704680}
  - component: {fileID: 1214704684}
  m_Layer: 0
  m_Name: particle_sprite
  m_TagString: Untagged
  m_Icon: {fileID: 0}
  m_NavMeshLayer: 0
  m_StaticEditorFlags: 0
  m_IsActive: 0
--- !u!114 &1214704680
MonoBehaviour:
  m_ObjectHideFlags: 0
  m_CorrespondingSourceObject: {fileID: 0}
  m_PrefabInstance: {fileID: 0}
  m_PrefabAsset: {fileID: 0}
  m_GameObject: {fileID: 1214704679}
  m_Enabled: 1
  m_EditorHideFlags: 0
  m_Script: {fileID: 11500000, guid: 5651dafe4bfca114eb90d5812996cdf7, type: 3}
  m_Name: 
  m_EditorClassIdentifier: 
  PidSettings: {fileID: 11400000, guid: 5b77c148769ea294689f26b9a1e104c4, type: 2}
  Target: {fileID: 1035643671}
  Axes: -1
  On: 1
  pidControllerX:
    constants: {fileID: 0}
    prevError: 0
    integral: 0
  pidControllerY:
    constants: {fileID: 0}
    prevError: 0
    integral: 0
  pidControllerZ:
    constants: {fileID: 0}
    prevError: 0
    integral: 0
--- !u!50 &1214704681
Rigidbody2D:
  serializedVersion: 4
  m_ObjectHideFlags: 0
  m_CorrespondingSourceObject: {fileID: 0}
  m_PrefabInstance: {fileID: 0}
  m_PrefabAsset: {fileID: 0}
  m_GameObject: {fileID: 1214704679}
  m_BodyType: 0
  m_Simulated: 1
  m_UseFullKinematicContacts: 0
  m_UseAutoMass: 0
  m_Mass: 1
  m_LinearDrag: 0
  m_AngularDrag: 0.05
  m_GravityScale: 1
  m_Material: {fileID: 0}
  m_Interpolate: 0
  m_SleepingMode: 1
  m_CollisionDetection: 0
  m_Constraints: 0
--- !u!212 &1214704682
SpriteRenderer:
  m_ObjectHideFlags: 0
  m_CorrespondingSourceObject: {fileID: 0}
  m_PrefabInstance: {fileID: 0}
  m_PrefabAsset: {fileID: 0}
  m_GameObject: {fileID: 1214704679}
  m_Enabled: 1
  m_CastShadows: 0
  m_ReceiveShadows: 0
  m_DynamicOccludee: 1
  m_MotionVectors: 1
  m_LightProbeUsage: 1
  m_ReflectionProbeUsage: 1
  m_RayTracingMode: 0
  m_RayTraceProcedural: 0
  m_RenderingLayerMask: 1
  m_RendererPriority: 0
  m_Materials:
  - {fileID: 10754, guid: 0000000000000000f000000000000000, type: 0}
  m_StaticBatchInfo:
    firstSubMesh: 0
    subMeshCount: 0
  m_StaticBatchRoot: {fileID: 0}
  m_ProbeAnchor: {fileID: 0}
  m_LightProbeVolumeOverride: {fileID: 0}
  m_ScaleInLightmap: 1
  m_ReceiveGI: 1
  m_PreserveUVs: 0
  m_IgnoreNormalsForChartDetection: 0
  m_ImportantGI: 0
  m_StitchLightmapSeams: 1
  m_SelectedEditorRenderState: 0
  m_MinimumChartSize: 4
  m_AutoUVMaxDistance: 0.5
  m_AutoUVMaxAngle: 89
  m_LightmapParameters: {fileID: 0}
  m_SortingLayerID: 0
  m_SortingLayer: 0
  m_SortingOrder: 0
  m_Sprite: {fileID: 21300000, guid: dbe0daa7d748f2648875cfa96e31a9f0, type: 3}
  m_Color: {r: 1, g: 1, b: 1, a: 1}
  m_FlipX: 0
  m_FlipY: 0
  m_DrawMode: 0
  m_Size: {x: 1.28, y: 1.28}
  m_AdaptiveModeThreshold: 0.5
  m_SpriteTileMode: 0
  m_WasSpriteAssigned: 1
  m_MaskInteraction: 0
  m_SpriteSortPoint: 0
--- !u!4 &1214704683
Transform:
  m_ObjectHideFlags: 0
  m_CorrespondingSourceObject: {fileID: 0}
  m_PrefabInstance: {fileID: 0}
  m_PrefabAsset: {fileID: 0}
  m_GameObject: {fileID: 1214704679}
  m_LocalRotation: {x: 0, y: 0, z: 0, w: 1}
  m_LocalPosition: {x: 4.3, y: -3.45, z: 0}
  m_LocalScale: {x: 1, y: 1, z: 1}
  m_Children: []
  m_Father: {fileID: 0}
  m_RootOrder: 5
  m_LocalEulerAnglesHint: {x: 0, y: 0, z: 0}
--- !u!114 &1214704684
MonoBehaviour:
  m_ObjectHideFlags: 0
  m_CorrespondingSourceObject: {fileID: 0}
  m_PrefabInstance: {fileID: 0}
  m_PrefabAsset: {fileID: 0}
  m_GameObject: {fileID: 1214704679}
  m_Enabled: 1
  m_EditorHideFlags: 0
  m_Script: {fileID: 11500000, guid: a1ab8398169a32c49a45d5fba3b19179, type: 3}
  m_Name: 
  m_EditorClassIdentifier: 
--- !u!1001 &1217712289
PrefabInstance:
  m_ObjectHideFlags: 0
  serializedVersion: 2
  m_Modification:
    m_TransformParent: {fileID: 0}
    m_Modifications:
    - target: {fileID: 656862289440681091, guid: 5ff6edd8fb3cb56419fe8d8ec960b289, type: 3}
      propertyPath: m_Pivot.x
      value: 0
      objectReference: {fileID: 0}
    - target: {fileID: 656862289440681091, guid: 5ff6edd8fb3cb56419fe8d8ec960b289, type: 3}
      propertyPath: m_Pivot.y
      value: 0
      objectReference: {fileID: 0}
    - target: {fileID: 656862289440681091, guid: 5ff6edd8fb3cb56419fe8d8ec960b289, type: 3}
      propertyPath: m_RootOrder
      value: 8
      objectReference: {fileID: 0}
    - target: {fileID: 656862289440681091, guid: 5ff6edd8fb3cb56419fe8d8ec960b289, type: 3}
      propertyPath: m_AnchorMax.x
      value: 0
      objectReference: {fileID: 0}
    - target: {fileID: 656862289440681091, guid: 5ff6edd8fb3cb56419fe8d8ec960b289, type: 3}
      propertyPath: m_AnchorMax.y
      value: 0
      objectReference: {fileID: 0}
    - target: {fileID: 656862289440681091, guid: 5ff6edd8fb3cb56419fe8d8ec960b289, type: 3}
      propertyPath: m_AnchorMin.x
      value: 0
      objectReference: {fileID: 0}
    - target: {fileID: 656862289440681091, guid: 5ff6edd8fb3cb56419fe8d8ec960b289, type: 3}
      propertyPath: m_AnchorMin.y
      value: 0
      objectReference: {fileID: 0}
    - target: {fileID: 656862289440681091, guid: 5ff6edd8fb3cb56419fe8d8ec960b289, type: 3}
      propertyPath: m_SizeDelta.x
      value: 0
      objectReference: {fileID: 0}
    - target: {fileID: 656862289440681091, guid: 5ff6edd8fb3cb56419fe8d8ec960b289, type: 3}
      propertyPath: m_SizeDelta.y
      value: 0
      objectReference: {fileID: 0}
    - target: {fileID: 656862289440681091, guid: 5ff6edd8fb3cb56419fe8d8ec960b289, type: 3}
      propertyPath: m_LocalPosition.x
      value: 0
      objectReference: {fileID: 0}
    - target: {fileID: 656862289440681091, guid: 5ff6edd8fb3cb56419fe8d8ec960b289, type: 3}
      propertyPath: m_LocalPosition.y
      value: 0
      objectReference: {fileID: 0}
    - target: {fileID: 656862289440681091, guid: 5ff6edd8fb3cb56419fe8d8ec960b289, type: 3}
      propertyPath: m_LocalPosition.z
      value: 0
      objectReference: {fileID: 0}
    - target: {fileID: 656862289440681091, guid: 5ff6edd8fb3cb56419fe8d8ec960b289, type: 3}
      propertyPath: m_LocalRotation.w
      value: 1
      objectReference: {fileID: 0}
    - target: {fileID: 656862289440681091, guid: 5ff6edd8fb3cb56419fe8d8ec960b289, type: 3}
      propertyPath: m_LocalRotation.x
      value: 0
      objectReference: {fileID: 0}
    - target: {fileID: 656862289440681091, guid: 5ff6edd8fb3cb56419fe8d8ec960b289, type: 3}
      propertyPath: m_LocalRotation.y
      value: 0
      objectReference: {fileID: 0}
    - target: {fileID: 656862289440681091, guid: 5ff6edd8fb3cb56419fe8d8ec960b289, type: 3}
      propertyPath: m_LocalRotation.z
      value: 0
      objectReference: {fileID: 0}
    - target: {fileID: 656862289440681091, guid: 5ff6edd8fb3cb56419fe8d8ec960b289, type: 3}
      propertyPath: m_AnchoredPosition.x
      value: 0
      objectReference: {fileID: 0}
    - target: {fileID: 656862289440681091, guid: 5ff6edd8fb3cb56419fe8d8ec960b289, type: 3}
      propertyPath: m_AnchoredPosition.y
      value: 0
      objectReference: {fileID: 0}
    - target: {fileID: 656862289440681091, guid: 5ff6edd8fb3cb56419fe8d8ec960b289, type: 3}
      propertyPath: m_LocalEulerAnglesHint.x
      value: 0
      objectReference: {fileID: 0}
    - target: {fileID: 656862289440681091, guid: 5ff6edd8fb3cb56419fe8d8ec960b289, type: 3}
      propertyPath: m_LocalEulerAnglesHint.y
      value: 0
      objectReference: {fileID: 0}
    - target: {fileID: 656862289440681091, guid: 5ff6edd8fb3cb56419fe8d8ec960b289, type: 3}
      propertyPath: m_LocalEulerAnglesHint.z
      value: 0
      objectReference: {fileID: 0}
    - target: {fileID: 656862289440681119, guid: 5ff6edd8fb3cb56419fe8d8ec960b289, type: 3}
      propertyPath: m_Name
      value: Pause
      objectReference: {fileID: 0}
    m_RemovedComponents: []
  m_SourcePrefab: {fileID: 100100000, guid: 5ff6edd8fb3cb56419fe8d8ec960b289, type: 3}
--- !u!1 &1305310203
GameObject:
  m_ObjectHideFlags: 0
  m_CorrespondingSourceObject: {fileID: 0}
  m_PrefabInstance: {fileID: 0}
  m_PrefabAsset: {fileID: 0}
  serializedVersion: 6
  m_Component:
  - component: {fileID: 1305310204}
  m_Layer: 0
  m_Name: TriggerVolumes
  m_TagString: Untagged
  m_Icon: {fileID: 0}
  m_NavMeshLayer: 0
  m_StaticEditorFlags: 0
  m_IsActive: 0
--- !u!4 &1305310204
Transform:
  m_ObjectHideFlags: 0
  m_CorrespondingSourceObject: {fileID: 0}
  m_PrefabInstance: {fileID: 0}
  m_PrefabAsset: {fileID: 0}
  m_GameObject: {fileID: 1305310203}
  m_LocalRotation: {x: -0, y: -0, z: -0, w: 1}
  m_LocalPosition: {x: 0, y: 0, z: 0}
  m_LocalScale: {x: 1, y: 1, z: 1}
  m_Children:
  - {fileID: 580820424}
  - {fileID: 8541813347548839882}
  - {fileID: 811205180}
  - {fileID: 660420316}
  m_Father: {fileID: 0}
  m_RootOrder: 4
  m_LocalEulerAnglesHint: {x: 0, y: 0, z: 0}
--- !u!1001 &1383052039
PrefabInstance:
  m_ObjectHideFlags: 0
  serializedVersion: 2
  m_Modification:
    m_TransformParent: {fileID: 0}
    m_Modifications:
    - target: {fileID: 7572431691450020395, guid: c21f3eb5dd9285e429bf3d15c1be4e50, type: 3}
      propertyPath: m_RootOrder
      value: 2
      objectReference: {fileID: 0}
    - target: {fileID: 7572431691450020395, guid: c21f3eb5dd9285e429bf3d15c1be4e50, type: 3}
      propertyPath: m_LocalPosition.x
      value: 0.65335757
      objectReference: {fileID: 0}
    - target: {fileID: 7572431691450020395, guid: c21f3eb5dd9285e429bf3d15c1be4e50, type: 3}
      propertyPath: m_LocalPosition.y
      value: 0.09074411
      objectReference: {fileID: 0}
    - target: {fileID: 7572431691450020395, guid: c21f3eb5dd9285e429bf3d15c1be4e50, type: 3}
      propertyPath: m_LocalPosition.z
      value: 0
      objectReference: {fileID: 0}
    - target: {fileID: 7572431691450020395, guid: c21f3eb5dd9285e429bf3d15c1be4e50, type: 3}
      propertyPath: m_LocalRotation.w
      value: 1
      objectReference: {fileID: 0}
    - target: {fileID: 7572431691450020395, guid: c21f3eb5dd9285e429bf3d15c1be4e50, type: 3}
      propertyPath: m_LocalRotation.x
      value: 0
      objectReference: {fileID: 0}
    - target: {fileID: 7572431691450020395, guid: c21f3eb5dd9285e429bf3d15c1be4e50, type: 3}
      propertyPath: m_LocalRotation.y
      value: 0
      objectReference: {fileID: 0}
    - target: {fileID: 7572431691450020395, guid: c21f3eb5dd9285e429bf3d15c1be4e50, type: 3}
      propertyPath: m_LocalRotation.z
      value: 0
      objectReference: {fileID: 0}
    - target: {fileID: 7572431691450020395, guid: c21f3eb5dd9285e429bf3d15c1be4e50, type: 3}
      propertyPath: m_LocalEulerAnglesHint.x
      value: 0
      objectReference: {fileID: 0}
    - target: {fileID: 7572431691450020395, guid: c21f3eb5dd9285e429bf3d15c1be4e50, type: 3}
      propertyPath: m_LocalEulerAnglesHint.y
      value: 0
      objectReference: {fileID: 0}
    - target: {fileID: 7572431691450020395, guid: c21f3eb5dd9285e429bf3d15c1be4e50, type: 3}
      propertyPath: m_LocalEulerAnglesHint.z
      value: 0
      objectReference: {fileID: 0}
    - target: {fileID: 7572431691450020399, guid: c21f3eb5dd9285e429bf3d15c1be4e50, type: 3}
      propertyPath: m_Name
      value: 'Player '
      objectReference: {fileID: 0}
    m_RemovedComponents: []
  m_SourcePrefab: {fileID: 100100000, guid: c21f3eb5dd9285e429bf3d15c1be4e50, type: 3}
--- !u!1001 &1827307940
PrefabInstance:
  m_ObjectHideFlags: 0
  serializedVersion: 2
  m_Modification:
    m_TransformParent: {fileID: 0}
    m_Modifications:
    - target: {fileID: 8179413118126109524, guid: 2abcdcf1aa9d849509d356c91c752777, type: 3}
      propertyPath: m_Radius
      value: 15
      objectReference: {fileID: 0}
    - target: {fileID: 8179413118763179254, guid: 2abcdcf1aa9d849509d356c91c752777, type: 3}
      propertyPath: m_RootOrder
      value: 1
      objectReference: {fileID: 0}
    - target: {fileID: 8179413118763179254, guid: 2abcdcf1aa9d849509d356c91c752777, type: 3}
      propertyPath: m_LocalPosition.x
      value: 44.33
      objectReference: {fileID: 0}
    - target: {fileID: 8179413118763179254, guid: 2abcdcf1aa9d849509d356c91c752777, type: 3}
      propertyPath: m_LocalPosition.y
      value: 57.27
      objectReference: {fileID: 0}
    - target: {fileID: 8179413118763179254, guid: 2abcdcf1aa9d849509d356c91c752777, type: 3}
      propertyPath: m_LocalPosition.z
      value: 0
      objectReference: {fileID: 0}
    - target: {fileID: 8179413118763179254, guid: 2abcdcf1aa9d849509d356c91c752777, type: 3}
      propertyPath: m_LocalRotation.w
      value: 1
      objectReference: {fileID: 0}
    - target: {fileID: 8179413118763179254, guid: 2abcdcf1aa9d849509d356c91c752777, type: 3}
      propertyPath: m_LocalRotation.x
      value: -0
      objectReference: {fileID: 0}
    - target: {fileID: 8179413118763179254, guid: 2abcdcf1aa9d849509d356c91c752777, type: 3}
      propertyPath: m_LocalRotation.y
      value: -0
      objectReference: {fileID: 0}
    - target: {fileID: 8179413118763179254, guid: 2abcdcf1aa9d849509d356c91c752777, type: 3}
      propertyPath: m_LocalRotation.z
      value: -0
      objectReference: {fileID: 0}
    - target: {fileID: 8179413118763179254, guid: 2abcdcf1aa9d849509d356c91c752777, type: 3}
      propertyPath: m_LocalEulerAnglesHint.x
      value: 0
      objectReference: {fileID: 0}
    - target: {fileID: 8179413118763179254, guid: 2abcdcf1aa9d849509d356c91c752777, type: 3}
      propertyPath: m_LocalEulerAnglesHint.y
      value: 0
      objectReference: {fileID: 0}
    - target: {fileID: 8179413118763179254, guid: 2abcdcf1aa9d849509d356c91c752777, type: 3}
      propertyPath: m_LocalEulerAnglesHint.z
      value: 0
      objectReference: {fileID: 0}
    - target: {fileID: 8179413118763179255, guid: 2abcdcf1aa9d849509d356c91c752777, type: 3}
      propertyPath: m_Name
      value: Sentry
      objectReference: {fileID: 0}
    m_RemovedComponents: []
  m_SourcePrefab: {fileID: 100100000, guid: 2abcdcf1aa9d849509d356c91c752777, type: 3}
--- !u!1001 &3401505989515352289
PrefabInstance:
  m_ObjectHideFlags: 0
  serializedVersion: 2
  m_Modification:
    m_TransformParent: {fileID: 1305310204}
    m_Modifications:
    - target: {fileID: 3401505989243378396, guid: b8788b4399178d74a9306af27bccab2b, type: 3}
      propertyPath: m_Name
      value: DangerVolume
      objectReference: {fileID: 0}
    - target: {fileID: 3401505989243378397, guid: b8788b4399178d74a9306af27bccab2b, type: 3}
      propertyPath: m_RootOrder
      value: 3
      objectReference: {fileID: 0}
    - target: {fileID: 3401505989243378397, guid: b8788b4399178d74a9306af27bccab2b, type: 3}
      propertyPath: m_LocalPosition.x
      value: 43.6
      objectReference: {fileID: 0}
    - target: {fileID: 3401505989243378397, guid: b8788b4399178d74a9306af27bccab2b, type: 3}
      propertyPath: m_LocalPosition.y
      value: 82.6
      objectReference: {fileID: 0}
    - target: {fileID: 3401505989243378397, guid: b8788b4399178d74a9306af27bccab2b, type: 3}
      propertyPath: m_LocalPosition.z
      value: -0.8148082
      objectReference: {fileID: 0}
    - target: {fileID: 3401505989243378397, guid: b8788b4399178d74a9306af27bccab2b, type: 3}
      propertyPath: m_LocalRotation.w
      value: 1
      objectReference: {fileID: 0}
    - target: {fileID: 3401505989243378397, guid: b8788b4399178d74a9306af27bccab2b, type: 3}
      propertyPath: m_LocalRotation.x
      value: -0
      objectReference: {fileID: 0}
    - target: {fileID: 3401505989243378397, guid: b8788b4399178d74a9306af27bccab2b, type: 3}
      propertyPath: m_LocalRotation.y
      value: -0
      objectReference: {fileID: 0}
    - target: {fileID: 3401505989243378397, guid: b8788b4399178d74a9306af27bccab2b, type: 3}
      propertyPath: m_LocalRotation.z
      value: -0
      objectReference: {fileID: 0}
    - target: {fileID: 3401505989243378397, guid: b8788b4399178d74a9306af27bccab2b, type: 3}
      propertyPath: m_LocalEulerAnglesHint.x
      value: 0
      objectReference: {fileID: 0}
    - target: {fileID: 3401505989243378397, guid: b8788b4399178d74a9306af27bccab2b, type: 3}
      propertyPath: m_LocalEulerAnglesHint.y
      value: 0
      objectReference: {fileID: 0}
    - target: {fileID: 3401505989243378397, guid: b8788b4399178d74a9306af27bccab2b, type: 3}
      propertyPath: m_LocalEulerAnglesHint.z
      value: 0
      objectReference: {fileID: 0}
    m_RemovedComponents: []
  m_SourcePrefab: {fileID: 100100000, guid: b8788b4399178d74a9306af27bccab2b, type: 3}
--- !u!1001 &3887794622243435495
PrefabInstance:
  m_ObjectHideFlags: 0
  serializedVersion: 2
  m_Modification:
    m_TransformParent: {fileID: 1305310204}
    m_Modifications:
    - target: {fileID: 4863506513234807853, guid: e3f45c0f7ee780b4ea792ca28e876387, type: 3}
      propertyPath: m_RootOrder
      value: 1
      objectReference: {fileID: 0}
    - target: {fileID: 4863506513234807853, guid: e3f45c0f7ee780b4ea792ca28e876387, type: 3}
      propertyPath: m_LocalPosition.x
      value: -2.5
      objectReference: {fileID: 0}
    - target: {fileID: 4863506513234807853, guid: e3f45c0f7ee780b4ea792ca28e876387, type: 3}
      propertyPath: m_LocalPosition.y
      value: 4.6
      objectReference: {fileID: 0}
    - target: {fileID: 4863506513234807853, guid: e3f45c0f7ee780b4ea792ca28e876387, type: 3}
      propertyPath: m_LocalPosition.z
      value: -0.8148082
      objectReference: {fileID: 0}
    - target: {fileID: 4863506513234807853, guid: e3f45c0f7ee780b4ea792ca28e876387, type: 3}
      propertyPath: m_LocalRotation.w
      value: 1
      objectReference: {fileID: 0}
    - target: {fileID: 4863506513234807853, guid: e3f45c0f7ee780b4ea792ca28e876387, type: 3}
      propertyPath: m_LocalRotation.x
      value: -0
      objectReference: {fileID: 0}
    - target: {fileID: 4863506513234807853, guid: e3f45c0f7ee780b4ea792ca28e876387, type: 3}
      propertyPath: m_LocalRotation.y
      value: -0
      objectReference: {fileID: 0}
    - target: {fileID: 4863506513234807853, guid: e3f45c0f7ee780b4ea792ca28e876387, type: 3}
      propertyPath: m_LocalRotation.z
      value: -0
      objectReference: {fileID: 0}
    - target: {fileID: 4863506513234807853, guid: e3f45c0f7ee780b4ea792ca28e876387, type: 3}
      propertyPath: m_LocalEulerAnglesHint.x
      value: 0
      objectReference: {fileID: 0}
    - target: {fileID: 4863506513234807853, guid: e3f45c0f7ee780b4ea792ca28e876387, type: 3}
      propertyPath: m_LocalEulerAnglesHint.y
      value: 0
      objectReference: {fileID: 0}
    - target: {fileID: 4863506513234807853, guid: e3f45c0f7ee780b4ea792ca28e876387, type: 3}
      propertyPath: m_LocalEulerAnglesHint.z
      value: 0
      objectReference: {fileID: 0}
    - target: {fileID: 5392215650415784975, guid: e3f45c0f7ee780b4ea792ca28e876387, type: 3}
      propertyPath: m_Name
      value: HomeVolume
      objectReference: {fileID: 0}
    m_RemovedComponents: []
  m_SourcePrefab: {fileID: 100100000, guid: e3f45c0f7ee780b4ea792ca28e876387, type: 3}
--- !u!1001 &4210048280529924096
PrefabInstance:
  m_ObjectHideFlags: 0
  serializedVersion: 2
  m_Modification:
    m_TransformParent: {fileID: 0}
    m_Modifications:
    - target: {fileID: 2077673390751313929, guid: 054b798bf282f524281c5e07fa146458, type: 3}
      propertyPath: m_RootOrder
      value: 0
      objectReference: {fileID: 0}
    - target: {fileID: 2077673390751313929, guid: 054b798bf282f524281c5e07fa146458, type: 3}
      propertyPath: m_LocalPosition.x
      value: 0
      objectReference: {fileID: 0}
    - target: {fileID: 2077673390751313929, guid: 054b798bf282f524281c5e07fa146458, type: 3}
      propertyPath: m_LocalPosition.y
      value: 0
      objectReference: {fileID: 0}
    - target: {fileID: 2077673390751313929, guid: 054b798bf282f524281c5e07fa146458, type: 3}
      propertyPath: m_LocalPosition.z
      value: 0
      objectReference: {fileID: 0}
    - target: {fileID: 2077673390751313929, guid: 054b798bf282f524281c5e07fa146458, type: 3}
      propertyPath: m_LocalRotation.w
      value: 1
      objectReference: {fileID: 0}
    - target: {fileID: 2077673390751313929, guid: 054b798bf282f524281c5e07fa146458, type: 3}
      propertyPath: m_LocalRotation.x
      value: 0
      objectReference: {fileID: 0}
    - target: {fileID: 2077673390751313929, guid: 054b798bf282f524281c5e07fa146458, type: 3}
      propertyPath: m_LocalRotation.y
      value: 0
      objectReference: {fileID: 0}
    - target: {fileID: 2077673390751313929, guid: 054b798bf282f524281c5e07fa146458, type: 3}
      propertyPath: m_LocalRotation.z
      value: 0
      objectReference: {fileID: 0}
    - target: {fileID: 2077673390751313929, guid: 054b798bf282f524281c5e07fa146458, type: 3}
      propertyPath: m_LocalEulerAnglesHint.x
      value: 0
      objectReference: {fileID: 0}
    - target: {fileID: 2077673390751313929, guid: 054b798bf282f524281c5e07fa146458, type: 3}
      propertyPath: m_LocalEulerAnglesHint.y
      value: 0
      objectReference: {fileID: 0}
    - target: {fileID: 2077673390751313929, guid: 054b798bf282f524281c5e07fa146458, type: 3}
      propertyPath: m_LocalEulerAnglesHint.z
      value: 0
      objectReference: {fileID: 0}
    - target: {fileID: 4210048278592885567, guid: 054b798bf282f524281c5e07fa146458, type: 3}
      propertyPath: m_IsActive
      value: 1
      objectReference: {fileID: 0}
    - target: {fileID: 4210048278990246941, guid: 054b798bf282f524281c5e07fa146458, type: 3}
      propertyPath: m_Follow
      value: 
      objectReference: {fileID: 1208953988}
    - target: {fileID: 5623885273668669355, guid: 054b798bf282f524281c5e07fa146458, type: 3}
      propertyPath: m_Name
      value: Game Basics
      objectReference: {fileID: 0}
    m_RemovedComponents: []
  m_SourcePrefab: {fileID: 100100000, guid: 054b798bf282f524281c5e07fa146458, type: 3}
--- !u!1001 &4349880295344568123
PrefabInstance:
  m_ObjectHideFlags: 0
  serializedVersion: 2
  m_Modification:
    m_TransformParent: {fileID: 1305310204}
    m_Modifications:
    - target: {fileID: 4349880294781053683, guid: 2c190f9aa08a7064d9dc19d0d79faa45, type: 3}
      propertyPath: m_RootOrder
      value: 0
      objectReference: {fileID: 0}
    - target: {fileID: 4349880294781053683, guid: 2c190f9aa08a7064d9dc19d0d79faa45, type: 3}
      propertyPath: m_LocalPosition.x
      value: 47.6
      objectReference: {fileID: 0}
    - target: {fileID: 4349880294781053683, guid: 2c190f9aa08a7064d9dc19d0d79faa45, type: 3}
      propertyPath: m_LocalPosition.y
      value: 55.7
      objectReference: {fileID: 0}
    - target: {fileID: 4349880294781053683, guid: 2c190f9aa08a7064d9dc19d0d79faa45, type: 3}
      propertyPath: m_LocalPosition.z
      value: -0.8148082
      objectReference: {fileID: 0}
    - target: {fileID: 4349880294781053683, guid: 2c190f9aa08a7064d9dc19d0d79faa45, type: 3}
      propertyPath: m_LocalRotation.w
      value: 1
      objectReference: {fileID: 0}
    - target: {fileID: 4349880294781053683, guid: 2c190f9aa08a7064d9dc19d0d79faa45, type: 3}
      propertyPath: m_LocalRotation.x
      value: -0
      objectReference: {fileID: 0}
    - target: {fileID: 4349880294781053683, guid: 2c190f9aa08a7064d9dc19d0d79faa45, type: 3}
      propertyPath: m_LocalRotation.y
      value: -0
      objectReference: {fileID: 0}
    - target: {fileID: 4349880294781053683, guid: 2c190f9aa08a7064d9dc19d0d79faa45, type: 3}
      propertyPath: m_LocalRotation.z
      value: -0
      objectReference: {fileID: 0}
    - target: {fileID: 4349880294781053683, guid: 2c190f9aa08a7064d9dc19d0d79faa45, type: 3}
      propertyPath: m_LocalEulerAnglesHint.x
      value: 0
      objectReference: {fileID: 0}
    - target: {fileID: 4349880294781053683, guid: 2c190f9aa08a7064d9dc19d0d79faa45, type: 3}
      propertyPath: m_LocalEulerAnglesHint.y
      value: 0
      objectReference: {fileID: 0}
    - target: {fileID: 4349880294781053683, guid: 2c190f9aa08a7064d9dc19d0d79faa45, type: 3}
      propertyPath: m_LocalEulerAnglesHint.z
      value: 0
      objectReference: {fileID: 0}
    - target: {fileID: 4349880294781053692, guid: 2c190f9aa08a7064d9dc19d0d79faa45, type: 3}
      propertyPath: m_Name
      value: AdventureVolume
      objectReference: {fileID: 0}
    m_RemovedComponents: []
  m_SourcePrefab: {fileID: 100100000, guid: 2c190f9aa08a7064d9dc19d0d79faa45, type: 3}
--- !u!4 &8541813347548839882 stripped
Transform:
  m_CorrespondingSourceObject: {fileID: 4863506513234807853, guid: e3f45c0f7ee780b4ea792ca28e876387, type: 3}
  m_PrefabInstance: {fileID: 3887794622243435495}
  m_PrefabAsset: {fileID: 0}
